@misc{accidents,
	author = {Brian Law},
	title = "How many Car Accidents Are There in the U.S. Per Day?",
	howpublished= {\url{https://branlawfirm.com/many-car-accidents-usa-per-day/}},
	note = {Accessed: 2021-04-19},
	month = {Sep},
	year = {2017}
}

@MISC{licensed,
	author = "I. Wagner",
	title = "Licensed drivers in the United States - by age 2019",
	howpublished= {\url{https://www.statista.com/statistics/206311/total-number-of-us-licensed-drivers-in-2010-by-age/}},
	month = {Mar},
	year = {2021},
	note = {Accessed: 2021-04-19},
}

@ARTICLE{survey,
	author = {N.H.T.S.},
	title = {National Motor Vehicle Crash Causation Survey},
	journal = {Journal},
	pages = "47",
	year = {2008}
}

@MISC{crash,
	title = {Car Crash Costs and Statistics},
	year = "2016",
	howpublished = {\url{http://www.rmiia.org/auto/traffic_safety/Cost_of_crashes.asp}},
	note = {Accessed: 2021-04-19}
}